<record><leader>00000cas a2200000 a 4500</leader><controlfield tag="001">27703383</controlfield><controlfield tag="008">930310d19691975caudr ne      0    0eng c</controlfield><datafield ind1=" " ind2=" " tag="010"><subfield code="a">sn 92069051 </subfield></datafield><datafield ind1=" " ind2=" " tag="040"><subfield code="a">CUY</subfield><subfield code="b">eng</subfield><subfield code="c">CNK</subfield><subfield code="d">OCLCQ</subfield><subfield code="d">CNK</subfield><subfield code="d">OCLCQ</subfield><subfield code="d">OCLCF</subfield><subfield code="d">OCLCO</subfield></datafield><datafield ind1="1" ind2=" " tag="029"><subfield code="a">AU@</subfield><subfield code="b">000020735735</subfield></datafield><datafield ind1=" " ind2=" " tag="042"><subfield code="a">pcc</subfield></datafield><datafield ind1=" " ind2=" " tag="043"><subfield code="a">n-us-ca</subfield></datafield><datafield ind1="0" ind2="0" tag="245"><subfield code="a">Stockton evening and Sunday record.</subfield></datafield><datafield ind1="3" ind2="0" tag="246"><subfield code="a">Stockton Sunday record</subfield></datafield><datafield ind1="3" ind2="0" tag="246"><subfield code="a">Stockton Sunday and evening record</subfield></datafield><datafield ind1=" " ind2=" " tag="260"><subfield code="a">Stockton, Calif. :</subfield><subfield code="b">R. Whittington</subfield></datafield><datafield ind1=" " ind2=" " tag="300"><subfield code="a">v.</subfield></datafield><datafield ind1=" " ind2=" " tag="310"><subfield code="a">Daily</subfield></datafield><datafield ind1="0" ind2=" " tag="362"><subfield code="a">Vol. 75, no. 22 (May 4, 1969)-v. 81, no. 76 (June 22, 1975).</subfield></datafield><datafield ind1=" " ind2=" " tag="500"><subfield code="a">On Sundays published as: Stockton Sunday record, May 4, 1969-Mar. 29, 1970; and: Stockton Sunday and evening record, Apr. 5, 1970-June 22, 1975.</subfield></datafield><datafield ind1=" " ind2=" " tag="530"><subfield code="a">Master negatives are available for duplication from:</subfield><subfield code="b">California Newspaper Microfilm Archive;</subfield><subfield code="c">positive copies may be purchased by the reel; for further information consult the CNMA at:</subfield><subfield code="u">http://cbsr.ucr.edu</subfield></datafield><datafield ind1=" " ind2="0" tag="651"><subfield code="a">Stockton (Calif.)</subfield><subfield code="v">Newspapers.</subfield></datafield><datafield ind1=" " ind2="7" tag="655"><subfield code="a">Newspapers.</subfield><subfield code="2">fast</subfield><subfield code="0">(OCoLC)fst01423814</subfield></datafield><datafield ind1=" " ind2="7" tag="651"><subfield code="a">California</subfield><subfield code="z">Stockton.</subfield><subfield code="2">fast</subfield><subfield code="0">(OCoLC)fst01206576</subfield></datafield><datafield ind1=" " ind2=" " tag="752"><subfield code="a">United States</subfield><subfield code="b">California</subfield><subfield code="c">San Joaquin</subfield><subfield code="d">Stockton.</subfield></datafield><datafield ind1="0" ind2="0" tag="780"><subfield code="t">Stockton daily evening record</subfield><subfield code="w">(DLC)sn 82014055</subfield></datafield><datafield ind1="0" ind2="0" tag="785"><subfield code="t">Stockton record (Stockton, Calif. : 1975)</subfield><subfield code="w">(DLC)sn 87062220</subfield></datafield></record>